
    <zs:record>
      <zs:recordSchema/>
      <zs:recordPacking>xml</zs:recordPacking>
      <zs:recordData>
        <record xmlns="http://www.loc.gov/MARC21/slim">
          <leader>00917cam a2200229u  4500</leader>
          <controlfield tag="001">12387821</controlfield>
          <controlfield tag="005">20140626093831.0</controlfield>
          <controlfield tag="008">010423m19091912enk           000 0 eng  </controlfield>
          <datafield tag="906" ind1=" " ind2=" ">
            <subfield code="a">0</subfield>
            <subfield code="b">cbc</subfield>
            <subfield code="c">premver</subfield>
            <subfield code="d">u</subfield>
            <subfield code="e">ncip</subfield>
            <subfield code="f">19</subfield>
            <subfield code="g">y-gencatlg</subfield>
          </datafield>
          <datafield tag="955" ind1=" " ind2=" ">
            <subfield code="a">input ta00/mmil 04-23-01</subfield>
          </datafield>
          <datafield tag="010" ind1=" " ind2=" ">
            <subfield code="a">ltf96000064 </subfield>
          </datafield>
          <datafield tag="040" ind1=" " ind2=" ">
            <subfield code="a">DLC</subfield>
            <subfield code="c">DLC</subfield>
            <subfield code="d">DLC</subfield>
          </datafield>
          <datafield tag="050" ind1="0" ind2="0">
            <subfield code="a">M1993</subfield>
            <subfield code="b">.G64</subfield>
          </datafield>
          <datafield tag="245" ind1="0" ind2="0">
            <subfield code="a">Children's singing games,</subfield>
            <subfield code="c">edited by Alice B. Gomme and Cecil J. Sharp.</subfield>
          </datafield>
          <datafield tag="260" ind1=" " ind2=" ">
            <subfield code="a">London,</subfield>
            <subfield code="b">Novello &amp; co.,</subfield>
            <subfield code="c">[c1909-1912]</subfield>
          </datafield>
          <datafield tag="300" ind1=" " ind2=" ">
            <subfield code="a">5 v. in 1,</subfield>
            <subfield code="c">26 cm.</subfield>
          </datafield>
          <datafield tag="490" ind1="0" ind2=" ">
            <subfield code="a">Novello's school songs,</subfield>
            <subfield code="v">book 198-199, 227-229.</subfield>
          </datafield>
          <datafield tag="505" ind1="0" ind2=" ">
            <subfield code="a">Book 198, Set I, no. 926-931 -- Book 199, Set II, no. 932-937 -- Book 227, Set III, no. 1101-1106 -- Book 228, Set IV, no. 1107-1112 -- Book 229, Set V, no. 1113-1118.</subfield>
          </datafield>
          <datafield tag="650" ind1=" " ind2="0">
            <subfield code="a">Singing games.</subfield>
          </datafield>
          <datafield tag="650" ind1=" " ind2="0">
            <subfield code="a">Children's songs.</subfield>
          </datafield>
          <datafield tag="700" ind1="1" ind2=" ">
            <subfield code="a">Gomme, Alice Bertha,</subfield>
            <subfield code="e">ed.</subfield>
          </datafield>
          <datafield tag="700" ind1="1" ind2=" ">
            <subfield code="a">Sharp, Cecil J.</subfield>
            <subfield code="q">(Cecil James),</subfield>
            <subfield code="d">1859-1924,</subfield>
            <subfield code="e">joint ed.</subfield>
          </datafield>
        </record>
      </zs:recordData>
      <zs:recordPosition>4</zs:recordPosition>
    </zs:record>