
    <zs:record>
      <zs:recordSchema/>
      <zs:recordPacking>xml</zs:recordPacking>
      <zs:recordData>
        <record xmlns="http://www.loc.gov/MARC21/slim">
          <leader>01705cam a22003251a 4500</leader>
          <controlfield tag="001">8243481</controlfield>
          <controlfield tag="005">20020522124429.0</controlfield>
          <controlfield tag="008">770420m18831905enk      b    000 0 eng  </controlfield>
          <datafield tag="035" ind1=" " ind2=" ">
            <subfield code="9">(DLC)   17000437</subfield>
          </datafield>
          <datafield tag="906" ind1=" " ind2=" ">
            <subfield code="a">7</subfield>
            <subfield code="b">cbc</subfield>
            <subfield code="c">oclcrpl</subfield>
            <subfield code="d">u</subfield>
            <subfield code="e">ncip</subfield>
            <subfield code="f">19</subfield>
            <subfield code="g">y-gencatlg</subfield>
          </datafield>
          <datafield tag="010" ind1=" " ind2=" ">
            <subfield code="a">   17000437 </subfield>
          </datafield>
          <datafield tag="035" ind1=" " ind2=" ">
            <subfield code="a">(OCoLC)2902286</subfield>
          </datafield>
          <datafield tag="040" ind1=" " ind2=" ">
            <subfield code="a">DLC</subfield>
            <subfield code="c">NNU</subfield>
            <subfield code="d">OCoLC</subfield>
            <subfield code="d">OKentU</subfield>
            <subfield code="d">NNM</subfield>
            <subfield code="d">DLC</subfield>
          </datafield>
          <datafield tag="050" ind1="0" ind2="0">
            <subfield code="a">DA90</subfield>
            <subfield code="b">.G4</subfield>
          </datafield>
          <datafield tag="082" ind1=" " ind2=" ">
            <subfield code="a">914.2/03/08</subfield>
          </datafield>
          <datafield tag="245" ind1="0" ind2="4">
            <subfield code="a">The Gentleman's magazine library :</subfield>
            <subfield code="b">being a classified collection of the chief contents of the Gentleman's magazine from 1731 to 1868 /</subfield>
            <subfield code="c">edited by George Laurence Gomme.</subfield>
          </datafield>
          <datafield tag="260" ind1=" " ind2=" ">
            <subfield code="a">London :</subfield>
            <subfield code="b">E. Stock,</subfield>
            <subfield code="c">1883-1905.</subfield>
          </datafield>
          <datafield tag="300" ind1=" " ind2=" ">
            <subfield code="a">29 v. in 30 ;</subfield>
            <subfield code="c">23 cm.</subfield>
          </datafield>
          <datafield tag="504" ind1=" " ind2=" ">
            <subfield code="a">Includes bibliographical references.</subfield>
          </datafield>
          <datafield tag="505" ind1="1" ind2=" ">
            <subfield code="a">[1]. Manners and customs. 1890 -- [2]. Dialect, proverbs, and word-lore -- [3]. Popular superstitions. 1887 -- [4]. English traditional lore : to which is added Customs of foreign countries and peoples. 1890 -- [5-6]. Archæology -- [7]. Romano-British remains. 2 pts. -- [8]. Literary curiosities and notes / edited by A.B. Gomme -- [9]. Bibliographical notes / edited by A.C. Bickley -- [10-11]. Architectural antiquities -- [16]. Ecclesiology / edited by F.A. Milne.</subfield>
          </datafield>
          <datafield tag="651" ind1=" " ind2="0">
            <subfield code="a">Great Britain</subfield>
            <subfield code="x">Social life and customs</subfield>
            <subfield code="y">18th century</subfield>
            <subfield code="v">Sources.</subfield>
          </datafield>
          <datafield tag="651" ind1=" " ind2="0">
            <subfield code="a">Great Britain</subfield>
            <subfield code="x">Social life and customs</subfield>
            <subfield code="y">19th century</subfield>
            <subfield code="v">Sources.</subfield>
          </datafield>
          <datafield tag="651" ind1=" " ind2="0">
            <subfield code="a">Great Britain</subfield>
            <subfield code="x">Antiquities.</subfield>
          </datafield>
          <datafield tag="700" ind1="1" ind2=" ">
            <subfield code="a">Gomme, George Laurence,</subfield>
            <subfield code="d">1853-1916.</subfield>
          </datafield>
          <datafield tag="700" ind1="1" ind2=" ">
            <subfield code="a">Gomme, Alice Bertha.</subfield>
          </datafield>
          <datafield tag="700" ind1="1" ind2=" ">
            <subfield code="a">Bickley, A. C.,</subfield>
            <subfield code="c">Lady.</subfield>
          </datafield>
          <datafield tag="700" ind1="1" ind2=" ">
            <subfield code="a">Milne, Frank Alexander.</subfield>
          </datafield>
          <datafield tag="730" ind1="0" ind2=" ">
            <subfield code="a">Gentleman's magazine.</subfield>
          </datafield>
          <datafield tag="985" ind1=" " ind2=" ">
            <subfield code="e">OCLC REPLACEMENT</subfield>
          </datafield>
          <datafield tag="991" ind1=" " ind2=" ">
            <subfield code="b">c-GenColl</subfield>
            <subfield code="h">DA90</subfield>
            <subfield code="i">.G4</subfield>
            <subfield code="p">00021127127</subfield>
            <subfield code="t">Copy 1</subfield>
            <subfield code="v">10</subfield>
            <subfield code="w">OCLCREP</subfield>
          </datafield>
        </record>
      </zs:recordData>
      <zs:recordPosition>6</zs:recordPosition>
    </zs:record>