
    <zs:record>
      <zs:recordSchema/>
      <zs:recordPacking>xml</zs:recordPacking>
      <zs:recordData>
        <record xmlns="http://www.loc.gov/MARC21/slim">
          <leader>01227ncm a2200313 a 4500</leader>
          <controlfield tag="001">5617036</controlfield>
          <controlfield tag="005">19900519150742.2</controlfield>
          <controlfield tag="008">890605s1900    enksga j       n    eng  </controlfield>
          <datafield tag="035" ind1=" " ind2=" ">
            <subfield code="9">(DLC)   89752744</subfield>
          </datafield>
          <datafield tag="906" ind1=" " ind2=" ">
            <subfield code="a">7</subfield>
            <subfield code="b">cbc</subfield>
            <subfield code="c">orignew</subfield>
            <subfield code="d">3</subfield>
            <subfield code="e">ncip</subfield>
            <subfield code="f">19</subfield>
            <subfield code="g">y-genmusic</subfield>
          </datafield>
          <datafield tag="010" ind1=" " ind2=" ">
            <subfield code="a">   89752744 </subfield>
          </datafield>
          <datafield tag="040" ind1=" " ind2=" ">
            <subfield code="a">DLC</subfield>
            <subfield code="c">DLC</subfield>
            <subfield code="d">DLC</subfield>
          </datafield>
          <datafield tag="043" ind1=" " ind2=" ">
            <subfield code="a">e-uk---</subfield>
          </datafield>
          <datafield tag="048" ind1=" " ind2=" ">
            <subfield code="b">vn01</subfield>
            <subfield code="a">ka01</subfield>
          </datafield>
          <datafield tag="050" ind1="0" ind2="0">
            <subfield code="a">M1997</subfield>
            <subfield code="b">.O36 1900</subfield>
          </datafield>
          <datafield tag="245" ind1="0" ind2="0">
            <subfield code="a">Old English singing games /</subfield>
            <subfield code="c">[compiled] by Alice B. Gomme ; illustrated by E. Harwood.</subfield>
          </datafield>
          <datafield tag="260" ind1=" " ind2=" ">
            <subfield code="a">London :</subfield>
            <subfield code="b">G. Allen ;</subfield>
            <subfield code="a">New York :</subfield>
            <subfield code="b">Dodd, Mead, &amp; Co.,</subfield>
            <subfield code="c">1900.</subfield>
          </datafield>
          <datafield tag="300" ind1=" " ind2=" ">
            <subfield code="a">1 score (56 p.) :</subfield>
            <subfield code="b">col. ill. ;</subfield>
            <subfield code="c">22 x 28 cm.</subfield>
          </datafield>
          <datafield tag="500" ind1=" " ind2=" ">
            <subfield code="a">For voice and piano; includes tonic sol-fa notation.</subfield>
          </datafield>
          <datafield tag="505" ind1="0" ind2=" ">
            <subfield code="a">Booman -- Isabella -- Merry-ma-tansa -- King of the Barbaree -- Nuts in May -- Draw a pail of water -- Wallflowers -- Three knights from Spain -- Would you know how doth the peasant? -- Oranges and lemons.</subfield>
          </datafield>
          <datafield tag="650" ind1=" " ind2="0">
            <subfield code="a">Children's songs</subfield>
            <subfield code="z">Great Britain.</subfield>
          </datafield>
          <datafield tag="650" ind1=" " ind2="0">
            <subfield code="a">Singing games</subfield>
            <subfield code="z">Great Britain.</subfield>
          </datafield>
          <datafield tag="650" ind1=" " ind2="1">
            <subfield code="a">Singing games.</subfield>
          </datafield>
          <datafield tag="650" ind1=" " ind2="1">
            <subfield code="a">Games.</subfield>
          </datafield>
          <datafield tag="650" ind1=" " ind2="1">
            <subfield code="a">Songs.</subfield>
          </datafield>
          <datafield tag="700" ind1="1" ind2=" ">
            <subfield code="a">Gomme, Alice Bertha.</subfield>
          </datafield>
          <datafield tag="700" ind1="1" ind2=" ">
            <subfield code="a">Harwood, E.</subfield>
            <subfield code="q">(Edith),</subfield>
            <subfield code="e">ill.</subfield>
            <subfield code="4">ill</subfield>
          </datafield>
          <datafield tag="953" ind1=" " ind2=" ">
            <subfield code="a">TA28</subfield>
          </datafield>
          <datafield tag="991" ind1=" " ind2=" ">
            <subfield code="b">c-Music</subfield>
            <subfield code="h">M1997</subfield>
            <subfield code="i">.O36 1900</subfield>
            <subfield code="t">Copy 1</subfield>
            <subfield code="w">MUSIC</subfield>
          </datafield>
        </record>
      </zs:recordData>
      <zs:recordPosition>7</zs:recordPosition>
    </zs:record>